<record><leader>00000cas a22000007a 4500</leader><controlfield tag="001">22333442</controlfield><controlfield tag="008">900905d18911895nhuwr ne      0   b0fre c</controlfield><datafield ind1=" " ind2=" " tag="010"><subfield code="a">sn 90062362 </subfield></datafield><datafield ind1=" " ind2=" " tag="040"><subfield code="a">NVH</subfield><subfield code="b">eng</subfield><subfield code="c">NVH</subfield><subfield code="d">NSD</subfield><subfield code="d">NVH</subfield><subfield code="d">NSD</subfield><subfield code="d">NVH</subfield><subfield code="d">MGN</subfield><subfield code="d">OCLCQ</subfield><subfield code="d">OCLCF</subfield><subfield code="d">OCLCO</subfield></datafield><datafield ind1=" " ind2=" " tag="012"><subfield code="j">0</subfield></datafield><datafield ind1="0" ind2=" " tag="022"><subfield code="a">1052-6110</subfield><subfield code="l">1052-6110</subfield><subfield code="2">1</subfield></datafield><datafield ind1="1" ind2=" " tag="029"><subfield code="a">AU@</subfield><subfield code="b">000025858803</subfield></datafield><datafield ind1=" " ind2=" " tag="042"><subfield code="a">pcc</subfield><subfield code="a">nsdp</subfield></datafield><datafield ind1="1" ind2="0" tag="082"><subfield code="a">071</subfield><subfield code="2">11</subfield></datafield><datafield ind1="0" ind2=" " tag="130"><subfield code="a">National (Manchester, N.H.)</subfield></datafield><datafield ind1="0" ind2=" " tag="210"><subfield code="a">National</subfield><subfield code="b">(Manch. N.H.)</subfield></datafield><datafield ind1=" " ind2="3" tag="222"><subfield code="a">Le national</subfield><subfield code="b">(Manchester, N.H.)</subfield></datafield><datafield ind1="0" ind2="3" tag="245"><subfield code="a">Le national.</subfield></datafield><datafield ind1=" " ind2=" " tag="260"><subfield code="a">Manchester, N.H. :</subfield><subfield code="b">B. Lenthier</subfield></datafield><datafield ind1=" " ind2=" " tag="300"><subfield code="a">v.</subfield></datafield><datafield ind1=" " ind2=" " tag="310"><subfield code="a">Weekly,</subfield><subfield code="b">20 avril 1894-22 mars 1895</subfield></datafield><datafield ind1=" " ind2=" " tag="321"><subfield code="a">Daily,</subfield><subfield code="b">3 aou&#770;t 1891-&lt;10 mars 1894&gt;</subfield></datafield><datafield ind1="1" ind2=" " tag="362"><subfield code="a">Vol. 1, no. 1 (3 aou&#770;t 1891)-v. 12, no. 273 (22 mars 1895).</subfield></datafield><datafield ind1=" " ind2=" " tag="546"><subfield code="a">In French.</subfield></datafield><datafield ind1=" " ind2="0" tag="650"><subfield code="a">French-Canadians</subfield><subfield code="z">New Hampshire</subfield><subfield code="v">Newspapers.</subfield></datafield><datafield ind1=" " ind2="7" tag="655"><subfield code="a">Newspapers.</subfield><subfield code="2">fast</subfield><subfield code="0">(OCoLC)fst01423814</subfield></datafield><datafield ind1=" " ind2="7" tag="650"><subfield code="a">French-Canadians.</subfield><subfield code="2">fast</subfield><subfield code="0">(OCoLC)fst00934912</subfield></datafield><datafield ind1=" " ind2="7" tag="651"><subfield code="a">New Hampshire.</subfield><subfield code="2">fast</subfield><subfield code="0">(OCoLC)fst01204318</subfield></datafield><datafield ind1=" " ind2=" " tag="752"><subfield code="a">United States</subfield><subfield code="b">New Hampshire</subfield><subfield code="c">Hillsborough</subfield><subfield code="d">Manchester.</subfield></datafield><datafield ind1="0" ind2="5" tag="780"><subfield code="t">Avenir canadien</subfield><subfield code="x">1053-4032</subfield><subfield code="w">(DLC)sn 90000492</subfield><subfield code="w">(OCoLC)22532568</subfield></datafield><datafield ind1="0" ind2="0" tag="785"><subfield code="t">Avenir national (Manchester, N.H.)</subfield><subfield code="x">1052-7397</subfield><subfield code="w">(DLC)sn 90062361</subfield></datafield></record>